@article{li2021causal,
  title={Causal inference under network interference with noise},
  author={Li, Wenrui and Sussman, Daniel L and Kolaczyk, Eric D},
  journal={arXiv preprint arXiv:2105.04518},
  year={2021}
}

@inproceedings{ma2021causal,
  title={Causal inference under networked interference and intervention policy enhancement},
  author={Ma, Yunpu and Tresp, Volker},
  booktitle={International Conference on Artificial Intelligence and Statistics},
  pages={3700--3708},
  year={2021},
  organization={PMLR}
}

@article{aronow2017estimating,
  title={Estimating average causal effects under general interference, with application to a social network experiment},
  author={Aronow, Peter M and Samii, Cyrus},
  year={2017}
}

@article{forastiere2021identification,
  title={Identification and estimation of treatment and interference effects in observational studies on networks},
  author={Forastiere, Laura and Airoldi, Edoardo M and Mealli, Fabrizia},
  journal={Journal of the American Statistical Association},
  volume={116},
  number={534},
  pages={901--918},
  year={2021},
  publisher={Taylor \& Francis}
}

@article{cox1958planning,
  title={Planning of experiments.},
  author={Cox, David Roxbee},
  year={1958},
  publisher={Wiley}
}

@article{hong2006evaluating,
  title={Evaluating kindergarten retention policy: A case study of causal inference for multilevel observational data},
  author={Hong, Guanglei and Raudenbush, Stephen W},
  journal={Journal of the American Statistical Association},
  volume={101},
  number={475},
  pages={901--910},
  year={2006},
  publisher={Taylor \& Francis}
}

@article{savje2021average,
  title={Average treatment effects in the presence of unknown interference},
  author={S{\"a}vje, Fredrik and Aronow, Peter and Hudgens, Michael},
  journal={Annals of statistics},
  volume={49},
  number={2},
  pages={673},
  year={2021},
  publisher={NIH Public Access}
}

@article{sobel2006randomized,
  title={What do randomized studies of housing mobility demonstrate? Causal inference in the face of interference},
  author={Sobel, Michael E},
  journal={Journal of the American Statistical Association},
  volume={101},
  number={476},
  pages={1398--1407},
  year={2006},
  publisher={Taylor \& Francis}
}

@article{hudgens2008toward,
  title={Toward causal inference with interference},
  author={Hudgens, Michael G and Halloran, M Elizabeth},
  journal={Journal of the American Statistical Association},
  volume={103},
  number={482},
  pages={832--842},
  year={2008},
  publisher={Taylor \& Francis}
}

@article{sofrygin2017semi,
  title={Semi-parametric estimation and inference for the mean outcome of the single time-point intervention in a causally connected population},
  author={Sofrygin, Oleg and van der Laan, Mark J},
  journal={Journal of causal inference},
  volume={5},
  number={1},
  pages={20160003},
  year={2017},
  publisher={De Gruyter}
}

@article{van2014causal,
  title={Causal inference for a population of causally connected units},
  author={Van der Laan, Mark J},
  journal={Journal of Causal Inference},
  volume={2},
  number={1},
  pages={13--74},
  year={2014},
  publisher={De Gruyter}
}

@article{ogburn2024causal,
  title={Causal inference for social network data},
  author={Ogburn, Elizabeth L and Sofrygin, Oleg and Diaz, Ivan and Van der Laan, Mark J},
  journal={Journal of the American Statistical Association},
  volume={119},
  number={545},
  pages={597--611},
  year={2024},
  publisher={Taylor \& Francis}
}

@article{rubin1974estimating,
  title={Estimating causal effects of treatments in randomized and nonrandomized studies.},
  author={Rubin, Donald B},
  journal={Journal of educational Psychology},
  volume={66},
  number={5},
  pages={688},
  year={1974},
  publisher={American Psychological Association}
}

@article{bertotti2019configuration,
  title={The configuration model for Barabasi-Albert networks},
  author={Bertotti, Maria Letizia and Modanese, Giovanni},
  journal={Applied Network Science},
  volume={4},
  pages={1--13},
  year={2019},
  publisher={Springer}
}

@article{cencetti2023distinguishing,
  title={Distinguishing simple and complex contagion processes on networks},
  author={Cencetti, Giulia and Contreras, Diego Andr{\'e}s and Mancastroppa, Marco and Barrat, Alain},
  journal={Physical Review Letters},
  volume={130},
  number={24},
  pages={247401},
  year={2023},
  publisher={APS}
}

@techreport{hagberg2008exploring,
  title={Exploring network structure, dynamics, and function using NetworkX},
  author={Hagberg, Aric and Swart, Pieter J and Schult, Daniel A},
  year={2008},
  institution={Los Alamos National Laboratory (LANL), Los Alamos, NM (United States)}
}

@article{higgott2022pymatching,
  title={Pymatching: A python package for decoding quantum codes with minimum-weight perfect matching},
  author={Higgott, Oscar},
  journal={ACM Transactions on Quantum Computing},
  volume={3},
  number={3},
  pages={1--16},
  year={2022},
  publisher={ACM New York, NY}
}

@article{wang2019deep,
  title={Deep graph library: A graph-centric, highly-performant package for graph neural networks},
  author={Wang, Minjie and Zheng, Da and Ye, Zihao and Gan, Quan and Li, Mufei and Song, Xiang and Zhou, Jinjing and Ma, Chao and Yu, Lingfan and Gai, Yu and others},
  journal={arXiv preprint arXiv:1909.01315},
  year={2019}
}

@inproceedings{bhattacharya2020causal,
  title={Causal inference under interference and network uncertainty},
  author={Bhattacharya, Rohit and Malinsky, Daniel and Shpitser, Ilya},
  booktitle={Uncertainty in Artificial Intelligence},
  pages={1028--1038},
  year={2020},
  organization={PMLR}
}

@article{khatami2024graph,
  title={Graph Neural Network based Double Machine Learning Estimator of Network Causal Effects},
  author={Khatami, Seyedeh Baharan and Parikh, Harsh and Chen, Haowei and Roy, Sudeepa and Salimi, Babak},
  journal={arXiv preprint arXiv:2403.11332},
  year={2024}
}

@article{bhattacharya2024causal,
  title={Causal effect estimation under network interference with mean-field methods},
  author={Bhattacharya, Sohom and Sen, Subhabrata},
  journal={arXiv preprint arXiv:2407.19613},
  year={2024}
}

@article{zhu2024integrating,
  title={Integrating Active Learning in Causal Inference with Interference: A Novel Approach in Online Experiments},
  author={Zhu, Hongtao and Zhang, Sizhe and Su, Yang and Zhao, Zhenyu and Chen, Nan},
  journal={arXiv preprint arXiv:2402.12710},
  year={2024}
}

@article{zhao2024learning,
  title={Learning individual treatment effects under heterogeneous interference in networks},
  author={Zhao, Ziyu and Bai, Yuqi and Xiong, Ruoxuan and Cao, Qingyu and Ma, Chao and Jiang, Ning and Wu, Fei and Kuang, Kun},
  journal={ACM Transactions on Knowledge Discovery from Data},
  volume={18},
  number={8},
  pages={1--21},
  year={2024},
  publisher={ACM New York, NY}
}

@inproceedings{ma2022learning,
  title={Learning causal effects on hypergraphs},
  author={Ma, Jing and Wan, Mengting and Yang, Longqi and Li, Jundong and Hecht, Brent and Teevan, Jaime},
  booktitle={Proceedings of the 28th ACM SIGKDD Conference on Knowledge Discovery and Data Mining},
  pages={1202--1212},
  year={2022}
}

@inproceedings{agarwal2021towards,
  title={Towards a unified framework for fair and stable graph representation learning},
  author={Agarwal, Chirag and Lakkaraju, Himabindu and Zitnik, Marinka},
  booktitle={Uncertainty in Artificial Intelligence},
  pages={2114--2124},
  year={2021},
  organization={PMLR}
}

@article{austin2011introduction,
  title={An introduction to propensity score methods for reducing the effects of confounding in observational studies},
  author={Austin, Peter C},
  journal={Multivariate behavioral research},
  volume={46},
  number={3},
  pages={399--424},
  year={2011},
  publisher={Taylor \& Francis}
}

@article{hudgens2008toward,
  title={Toward causal inference with interference},
  author={Hudgens, Michael G and Halloran, M Elizabeth},
  journal={Journal of the American Statistical Association},
  volume={103},
  number={482},
  pages={832--842},
  year={2008},
  publisher={Taylor \& Francis}
}

@article{leung2022graph,
  title={Graph Neural Networks for Causal Inference Under Network Confounding},
  author={Leung, Michael P and Loupos, Pantelis},
  journal={arXiv preprint arXiv:2211.07823},
  year={2022}
}

@inproceedings{ugander2013graph,
  title={Graph cluster randomization: Network exposure to multiple universes},
  author={Ugander, Johan and Karrer, Brian and Backstrom, Lars and Kleinberg, Jon},
  booktitle={Proceedings of the 19th ACM SIGKDD international conference on Knowledge discovery and data mining},
  pages={329--337},
  year={2013}
}

@article{manski2013identification,
  title={Identification of treatment response with social interactions},
  author={Manski, Charles F},
  journal={The Econometrics Journal},
  volume={16},
  number={1},
  pages={S1--S23},
  year={2013},
  publisher={Oxford University Press Oxford, UK}
}

@article{song2014simple,
  title={Simple, distance-dependent formulation of the Watts-Strogatz model for directed and undirected small-world networks},
  author={Song, H Francis and Wang, Xiao-Jing},
  journal={Physical Review E},
  volume={90},
  number={6},
  pages={062801},
  year={2014},
  publisher={APS}
}