@article{forastiere2021identification,
  title={Identification and estimation of treatment and interference effects in observational studies on networks},
  author={Forastiere, Laura and Airoldi, Edoardo M and Mealli, Fabrizia},
  journal={Journal of the American Statistical Association},
  volume={116},
  number={534},
  pages={901--918},
  year={2021},
  publisher={Taylor \& Francis}
}